<?xml version="1.0" encoding="UTF-8"?><record xmlns="http://www.loc.gov/MARC21/slim" xmlns:cinclude="http://apache.org/cocoon/include/1.0" xmlns:zs="http://www.loc.gov/zing/srw/">
  <leader>00875cz  a2200205n  4500</leader>
  <controlfield tag="001">n  88153865 </controlfield>
  <controlfield tag="003">DLC</controlfield>
  <controlfield tag="005">20081106081040.0</controlfield>
  <controlfield tag="008">891228n| acannaabn          |b ana      </controlfield>
  <datafield tag="010" ind1=" " ind2=" ">
    <subfield code="a">n  88153865 </subfield>
  </datafield>
  <datafield tag="035" ind1=" " ind2=" ">
    <subfield code="a">(OCoLC)oca02660446</subfield>
  </datafield>
  <datafield tag="040" ind1=" " ind2=" ">
    <subfield code="a">DLC</subfield>
    <subfield code="b">eng</subfield>
    <subfield code="c">DLC</subfield>
    <subfield code="d">DLC-R</subfield>
    <subfield code="d">OCoLC</subfield>
  </datafield>
  <datafield tag="110" ind1="2" ind2=" ">
    <subfield code="a">Han Yasukuni Rentai Kaigi</subfield>
  </datafield>
  <datafield tag="410" ind1="2" ind2=" ">
    <subfield code="a">Jōdo Shinshū Honganji-ha (Japan).</subfield>
    <subfield code="b">Han Yasukuni Rentai Kaigi</subfield>
  </datafield>
  <datafield tag="410" ind1="2" ind2=" ">
    <subfield code="a">Jōdo Shinshū Honganji-ha Han Yasukuni Rentai Kaigi</subfield>
  </datafield>
  <datafield tag="410" ind1="2" ind2=" ">
    <subfield code="a">反靖国連帯会議</subfield>
  </datafield>
  <datafield tag="667" ind1=" " ind2=" ">
    <subfield code="a">Machine-derived non-Latin script reference project.</subfield>
  </datafield>
  <datafield tag="667" ind1=" " ind2=" ">
    <subfield code="a">Non-Latin script reference not evaluated.</subfield>
  </datafield>
  <datafield tag="670" ind1=" " ind2=" ">
    <subfield code="a">Han Yasukuni e no rentai, 1989:</subfield>
    <subfield code="b">t.p. (Han Yasukuni Rentai Kaigi)</subfield>
  </datafield>
  <datafield tag="670" ind1=" " ind2=" ">
    <subfield code="a">Shinshū to Yasukuni mondai, 1991:</subfield>
    <subfield code="b">t.p. (Jōdo Shinshū Honganji-ha Han Yasukuni Rentai Kaigi) colophon (loc. Tochigi-ken Nasu-gun Batō-machi; c/o Jiganji)</subfield>
  </datafield>
</record>